@electronic{grails-documentation,
   title = "Grails Framework",
   url = "http://grails.org/doc/latest/"
 }

@electronic{grails-homepage,
   title = "Grails homepage",
   url = "http://grails.org/"
}

@electronic{springsource-homepage,
   title = "SpringSource homepage",
   url = "http://www.springsource.org/"
}

@electronic{groovy-homepage,
   title = "Groovy homepage",
   url = "http://groovy.codehaus.org/"
}

@electronic{github-features,
   title = "GitHub features",
   url = "https://github.com/features"
}

@electronic{mongodb-homepage,
   title = "MongoDB homepage",
   url = "http://www.mongodb.org/"
}

@electronic{db-ranking,
   title = "DB-Engines ranking",
   url = "http://db-engines.com/en/ranking"
}

@electronic{openshift-homepage,
   title = "OpenShift homepage",
   url = "https://www.openshift.com/"
}

@electronic{guardian-google-paas,
   author = "Jack Schofield",
   month = "April",
   year = 2008,
   title = "Google angles for business users with 'platform as a service'",
   url = "http://www.guardian.co.uk/technology/2008/apr/17/google.software"
}

@BOOK{groovy-in-action,
   title = "Groovy in Action",
   publisher = "Manning Publications",
   author = "Dierk Koenig and Andrew Glover and Paul King and Guillaume Laforge and Jon Skeet and James Gossling",
   month = "January",
   year = 2007,
   isbn = "1932394842"
}